2122 3749
394 270 522 339 262
771 273 1080 341 Insecta.
1124 273 1342 341 Ptero
1351 271 1602 344 dicem.

452 404 708 452 Antennoe
736 405 888 453 rostri
922 403 1171 470 elongati,
1208 404 1384 470 saepius
1420 404 1710 474 longissimi
1745 413 1794 452 et
1822 403 1988 468 capite

385 489 657 538 manifesto
694 490 1026 557 angustioris,
1059 489 1288 537 nutantis
1322 501 1409 537 aut
1445 490 1645 551 inflexi,
1680 490 1736 537 in
1772 488 1989 556 pectoris

383 576 552 625 canali
590 578 851 627 interdum
896 576 1206 642 recipiendi,
1247 575 1521 636 lateribus,
1562 577 1787 626 medium
1819 592 1991 625 versus

385 663 612 726 insertae,
647 664 878 714 articulis
912 663 1182 727 undecim5
1219 663 1386 711 tribus
1418 674 1503 711 aut
1539 675 1755 729 quatuor
1789 662 1987 711 ultimis

385 762 521 800 arcte
547 753 807 814 connexis,
832 751 1058 813 clavam,
1095 762 1296 800 ovatam
1311 788 1324 812 ,
1356 750 1464 798 basi
1488 750 1731 815 abrupta,
1761 752 1992 799 forman-

382 834 555 899 tibus;
591 835 810 885 articulo
849 835 930 884 cui
971 834 1112 885 clava
1148 834 1469 902 imponitur,
1505 835 1750 900 (septimo
1789 845 1874 883 aut
1901 852 1990 883 oc-

381 926 533 988 tavo)
582 943 608 973 a
657 925 885 991 sequenti
933 923 1015 974 vel
1061 923 1288 988 ejusdem
1330 922 1484 972 clavae
1534 921 1753 970 articulo
1799 920 1991 970 initiali

384 1007 744 1074 magnitudine
773 1007 1034 1063 distincto.
1066 1008 1400 1056 Mandihuloe
1434 1009 1519 1075 (ut
1544 1008 1598 1055 in
1622 1005 1802 1071 Lixis)
1824 1007 1992 1073 saepis-

381 1094 508 1144 sime
541 1095 695 1144 latere
744 1106 954 1144 externo
1001 1094 1062 1143 ad
1105 1095 1252 1143 basin
1297 1093 1512 1143 dilatato
1557 1111 1642 1142 seu
1676 1090 1990 1153 auriculam,

378 1191 550 1246 postea
575 1179 691 1228 sinu
723 1191 930 1240 notato,
964 1178 1148 1228 deinde
1186 1189 1418 1242 arcuat03
1457 1178 1597 1244 apice
1621 1177 1826 1226 interno
1848 1186 1992 1225 acute

379 1266 649 1332 valideque
685 1266 981 1331 bidentat03
1022 1266 1132 1314 basi
1159 1267 1361 1314 interna
1394 1266 1449 1314 in
1479 1263 1748 1313 nonnullis
1775 1262 1992 1312 subuni-

379 1352 583 1402 dentata
620 1352 701 1419 (1).
738 1355 965 1402 Labium
995 1353 1097 1401 fere
1129 1352 1337 1401 nullum
1370 1364 1456 1400 aut
1498 1351 1811 1413 obsoletum3
1847 1349 1990 1397 illius

377 1438 547 1505 palpis
572 1437 924 1487 maxillarium
958 1439 1061 1488 fere
1085 1439 1467 1506 magnitudine,
1491 1435 1733 1503 parallele
1765 1435 1828 1483 ad
1860 1434 1992 1483 latus

378 1526 645 1574 internum
698 1527 955 1593 contiguis
986 1564 998 1587 ,
1056 1526 1287 1575 articulis
1332 1526 1617 1586 distinctis,
1655 1524 1814 1573 menti
1856 1522 1991 1589 apici

379 1611 604 1659 insertis.
633 1614 873 1659 Merme-m
892 1629 1138 1660 corneum
1155 1650 1168 1673 ‚
1193 1611 1626 1678 subobtrigonum
1657 1621 1743 1657 aut
1762 1609 1990 1674 subqua-

380 1697 613 1759 dratum‚
650 1698 712 1746 ad
730 1698 875 1746 basin
896 1698 1210 1764 stipitatum,
1246 1699 1419 1764 stipite
1440 1716 1563 1764 saepe
1591 1695 1985 1763 elongato-sub—
2020 1715 2026 1720 ⁷

379 1782 629 1849 quadrato
649 1821 663 1845 ,
698 1783 897 1832 inferne
925 1784 1113 1832 sensim
1145 1784 1448 1849 angustiore.
1480 1785 1648 1831 Pedes
1674 1780 1854 1847 postici
1880 1796 1984 1826 non

380 1868 647 1918 saltatorii.

451 1957 646 2019 Corpus·
665 1966 872 2003 ovatum
887 1993 899 2015 ,
933 1955 987 2002 in
1008 1954 1250 2019 plurimis
1272 1950 1754 2000 rotundo—ovatum.
1786 1951 1986 1996 Thorax

376 2059 405 2090 a
439 2041 547 2089 basi
583 2041 644 2089 ad
692 2041 888 2107 apicem
940 2043 1126 2089 sensim
1169 2039 1468 2107 angustior3
1518 2037 1750 2102 margine
1786 2033 1985 2101 postico

376 2126 662 2194 elytrorum
698 2127 832 2176 basis
866 2128 970 2176 fere
999 2126 1275 2176 latitudine
1299 2136 1385 2174 aut
1417 2123 1507 2173 illa
1532 2122 1684 2191 paulo
1710 2123 1990 2189 angustior.

377 2217 644 2266 Abdomen
682 2215 1085 2282 subquadratum
1119 2227 1168 2264 et
1203 2215 1264 2263 ad
1290 2214 1486 2281 apicem
1518 2209 1989 2278 producto-acumi-

378 2314 558 2351 natum
607 2314 693 2350 aut
739 2314 949 2351 ovatum
986 2315 1035 2351 et
1076 2303 1136 2351 ad
1170 2301 1317 2350 basin
1366 2311 1646 2349 transverse
1689 2308 1987 2346 truncatum

378 2387 461 2435 vel
507 2388 1058 2455 trigono-quadratum.
1103 2391 1268 2437 Tibiae
1304 2406 1436 2437 unco
1475 2403 1662 2436 corneo
1699 2396 1748 2433 et
1785 2385 1989 2433 interno

380 2476 558 2543 saepius
591 2476 653 2525 ad
691 2477 885 2545 apicem
916 2477 1191 2527 instructae.

379 2627 422 2673 I.
464 2627 649 2689 Corpus
679 2627 1141 2692 oblongo-ovatum,
1182 2627 1337 2691 duplo
1373 2626 1556 2673 saltem
1594 2625 1792 2689 longius
1833 2641 1985 2688 quam

447 2714 608 2759 latius
628 2733 649 2772 ;
686 2714 932 2761 abdomen
972 2713 1568 2781 elongato-quadratum
1615 2721 1665 2756 et
1699 2711 1772 2757 ad
1791 2712 1984 2774 apicem

438 2800 1089 2865 producto-acuminatum
1117 2839 1131 2860 ,
1186 2801 1447 2864 coleoptris
1482 2797 1787 2862 longioribus
1828 2811 1981 2859 quam

439 3035 504 3095 (1)
535 3039 588 3078 In
622 3040 883 3081 curculione
921 3058 1081 3085 nucum
1117 3043 1390 3084 mandibulae
1435 3040 1680 3082 subconicae
1712 3071 1727 3091 7
1771 3037 1981 3080 dentibus

381 3113 472 3154 sere
498 3115 653 3157 nullis.
