2122 3749
413 269 439 312 1
453 242 538 312 58
772 240 1079 308 Insecta.
1134 237 1614 307 Pterodicera.

404 377 540 416 unico
576 381 766 415 tantum.
795 372 988 414 Maxilla:
1016 369 1111 409 basi
1136 378 1388 424 crustaceae‚
1416 372 1648 427 saepissime
1665 370 1843 412 laciniis
1871 372 1985 413 dua-

403 458 514 510 bus,
546 464 729 497 externa
759 456 948 508 majore,
981 451 1240 505 subtrigona
1262 460 1338 492 aut
1369 454 1592 495 subovata.
1625 452 1830 493 Mentum
1859 466 1986 492 crus-

406 545 612 588 taceam,
659 550 684 575 a
720 535 838 576 labio
869 531 1147 573 distinctum.
1188 531 1381 571 Labium
1420 533 1696 585 coriaceum,
1737 531 1984 572 hirsutum.

409 615 538 658 Oculo¹
559 617 723 672 soepizcs
752 612 974 669 elongati,
1005 611 1246 652 transversi
1269 617 1350 651 aut
1369 612 1650 669 emarginati.

729 746 1186 796 TRIBUS
1267 745 1671 795 PRIMA.

819 884 1119 921 NUBILI.
1186 883 1567 922 OBSCURS.

472 1004 802 1053 ,Mandibuloe
833 1003 972 1068 apice
1025 1002 1146 1050 fissae
1192 1012 1277 1049 aut
1316 1001 1512 1049 interne
1559 1000 1654 1048 sub
1695 999 1836 1064 apice
1866 1018 1989 1066 pro-

406 1090 562 1139 funde
591 1089 911 1157 emarginatae
930 1087 1021 1154 (1).
1057 1088 1310 1136 Antennoe
1336 1085 1666 1153 (plerumque
1687 1085 1889 1149 breves)
1910 1104 1991 1134 ca-

404 1177 526 1242 pitis
548 1177 640 1225 sub
662 1176 890 1242 margine
911 1174 1107 1223 laterali
1129 1186 1176 1223 et
1200 1174 1446 1240 producto
1466 1172 1764 1240 plerumque
1781 1172 1992 1235 insertae,

406 1263 583 1327 saepius
604 1260 806 1326 penitus
836 1273 919 1310 aut
951 1261 1015 1309 ad
1043 1262 1238 1327 apicem
1262 1260 1660 1322 moniliformes,
1692 1259 1996 1326 quandoque
2055 1258 2057 1261 ’

407 1346 708 1413 perfoliatae3
747 1346 977 1396 articulis
1012 1347 1191 1396 inferis
1216 1347 1270 1395 in
1299 1345 1566 1396 nonnullis
1599 1345 1997 1414 subcylindricis

409 1448 494 1484 aut
542 1436 925 1497 subobconicis,
965 1435 1164 1484 ultimis
1197 1436 1544 1496 brevioribus,
1576 1435 1996 1499 rotundioribus;

406 1520 559 1570 tertio
603 1521 659 1569 in
703 1521 945 1570 omnibus
981 1519 1281 1588 plerumque
1321 1520 1552 1570 articulis
1586 1520 1844 1588 contiguis
1878 1519 1996 1568 lon-

406 1605 562 1669 giore.
599 1609 839 1652 Mentzcm
872 1617 1213 1667 crustaceum‚
1251 1606 1429 1672 saepius
1461 1624 1722 1672 magnum.
1768 1607 1993 1654 Labium

405 1690 687 1739 coriaceum
705 1728 717 1749 ,
745 1692 920 1752 breve,
944 1691 1131 1752 latum,
1162 1692 1513 1759 subintegrum
1538 1704 1624 1740 aut
1658 1692 1754 1740 late
1775 1690 1992 1756 emargi-

406 1785 611 1836 natum3
644 1774 770 1823 facie
801 1777 991 1840 postica
1015 1775 1258 1823 carinata.
1295 1778 1458 1839 Palpi
1482 1774 1690 1823 labiales
1715 1774 1994 1823 maxillari-

408 1858 503 1907 hus
523 1858 791 1924 saepissime
813 1857 976 1906 multo
998 1859 1278 1918 breviores,
1297 1858 1514 1907 articulo
1535 1858 1718 1907 ultimo
1735 1859 1993 1919 crassiore,

408 1946 605 1995 obtuso.
635 1946 814 2013 (Pedes
841 1947 1018 2011 saepius
1043 1945 1250 2010 validi.)
1276 1948 1423 1993 Tarsi
1455 1945 1713 2010 unguibus
1742 1945 1990 1995 indivisis.

815 2097 1205 2148 DIVISIO
1270 2099 1588 2147 PRIMA.

676 2229 1079 2268 SABULOSI.
1140 2230 1735 2270 SABULIGOLES.

476 2353 721 2400 Maxilloe
766 2370 999 2419 processu
1043 2353 1246 2402 interno
1288 2371 1457 2420 ungue
1501 2371 1684 2403 corneo
1732 2353 1993 2403 instructo.

412 2441 662 2487 Antennoe
707 2440 1107 2497 moniliformes,
1145 2440 1373 2490 articulis
1404 2441 1543 2489 intus
1578 2441 1630 2489 in
1662 2441 1862 2489 dentem
1891 2458 1997 2489 non

410 2527 735 2590 prominulis,
771 2529 865 2576 sub
893 2529 1073 2595 capitis
1106 2530 1330 2596 margine
1363 2528 1559 2577 laterali
1593 2540 1642 2577 et
1672 2528 1917 2595 producto
1940 2528 1996 2579 in

415 2614 655 2662 omnibus
686 2615 899 2664 insertae.

478 2700 706 2765 (Insecta
739 2703 992 2770 lucifuga,
1025 2704 1293 2770 saepissime
1321 2704 1468 2770 nigra
1498 2715 1583 2752 aut
1619 2704 1854 2764 obscura,
1887 2702 1997 2770 ple-

476 2914 541 2971 (1)
572 2917 625 2955 In
645 2918 904 2971 Ripiplzoris
938 2928 1087 2960 tamen
1123 2920 1391 2960 mandibulae
1423 2920 1630 2960 inermes.
1658 2917 1878 2959 Antennis
1913 2919 1998 2957 ssa-

418 2994 591 3034 bellatis
619 2994 672 3033 ab
705 2995 805 3034 aliis
830 2997 1026 3048 ejusdem
1052 2999 1259 3039 sectionis
1286 2999 1450 3052 optime
1475 2998 1792 3038 discernuntur
1812 2996 1900 3037 haec
1918 2997 1995 3037 in-

419 3081 549 3115 secta.
585 3073 754 3127 Inspice
786 3072 1005 3116 familiam
1032 3076 1291 3131 vigesimam
1322 3084 1539 3132 quartam.
