2101 3749
347 195 598 265 OrdJ.
619 193 795 261 Sect.
816 192 928 259 II.
962 193 1450 262 Heberomercz.
1561 197 1686 290 159

107 342 322 391 rumque
341 337 524 391 aptera.
545 325 706 388 Caput
729 322 905 388 saepius
928 323 1127 372 thorace
1149 322 1409 388 angustius
1429 336 1475 371 et
1503 324 1598 390 ipsi
1624 326 1685 374 ad

106 412 279 461 oculos
309 429 463 477 usque
509 411 795 471 intrusum,
841 428 945 458 non
989 409 1266 458 cordatum.
1308 408 1592 458 Scutellum
1627 411 1685 459 in

106 500 284 549 multis
328 497 548 548 nullum.
598 497 776 564 Elytra
821 497 1053 564 plurium
1098 496 1380 546 coadunata
1427 507 1475 544 et
1513 497 1687 545 subtus

104 588 311 647 inflexa,
340 585 628 634 abdominis
654 585 809 634 latera
833 583 1198 647 involventia.)

165 735 399 782 Mentum
437 752 710 803 magnum,
751 738 852 785 oris
886 754 996 784 ma-

105 818 298 866 ximam
324 829 514 883 partem
539 838 812 886 occupans,
830 832 998 870 trans-

104 922 324 953 versum.
348 906 569 956 Maxillae
588 909 752 957 antice
771 907 832 956 ad
852 909 996 957 basin

104 1002 324 1055 angustae
357 1012 368 1054 3
424 992 552 1040 rima
597 992 712 1041 illas
760 993 998 1060 utrinque

104 1076 382 1142 recipiente
411 1077 608 1126 lineari.
643 1083 837 1128 Thorax
867 1100 999 1146 saepe
1140 1097 1444 1139 FAMILIA
1476 1097 1640 1138 XIXa.

105 1162 428 1210 orbiculatas.
484 1167 758 1214 Scutellum
812 1172 999 1232 soepius
1183 1178 1241 1219 P1
1257 1192 1292 1217 M
1311 1190 1336 1216 E
1349 1189 1377 1214 L
1392 1189 1405 1214 1
1424 1188 1493 1215 AR
1512 1188 1589 1215 IAE.

109 1249 322 1295 nullum.
356 1252 543 1314 Elytra
574 1254 867 1318 pleramque
894 1273 1002 1301 con-
1234 1253 1530 1295 Pime'lz'aires.

107 1344 261 1391 nata,
293 1336 532 1384 lateribus
559 1340 731 1386 subtus
764 1343 966 1406 inflexis
983 1362 1003 1399 ,-

108 1421 209 1466 alce
252 1424 423 1469 nulloe.
478 1425 741 1471 Abdomen
794 1429 955 1474 latum
984 1464 1000 1484 ,

104 1516 307 1553 ovatum
330 1545 347 1565 ,
393 1510 505 1555 basi
540 1521 815 1558 transverse
860 1522 1004 1560 trun-

105 1601 282 1638 catum.

170 1736 406 1784 Mentum
444 1755 683 1802 parvum,
716 1757 822 1788 non
852 1740 1005 1788 latius

108 1838 260 1887 quam
285 1821 503 1889 longius.
537 1823 759 1873 Maxillae
781 1825 887 1873 basi
914 1844 1004 1873 an-

107 1906 207 1955 tica
229 1908 522 1968 incrassata,
550 1909 650 1957 lata
670 1932 682 1973 3
719 1910 851 1958 rima
890 1909 1005 1958 illas
1144 1914 1177 1954 F
1192 1913 1231 1953 A
1248 1913 1328 1953 Ml
1345 1914 1383 1953 L
1400 1913 1420 1952 I
1438 1912 1475 1952 A
1515 1913 1557 1953 X
1573 1913 1652 1954 Xa.

111 1994 385 2060 recipiente
416 1996 549 2043 infra
573 1996 671 2044 late
698 2008 933 2046 excavata
957 2009 1006 2045 et
1114 1993 1154 2032 T
1170 2005 1196 2030 Ε
1214 2006 1244 2031 N
1262 2005 1289 2031 Ε
1306 2004 1330 2030 Β
1349 2004 1379 2029 R
1397 2005 1411 2030 1
1431 2004 1456 2030 0
1477 2005 1507 2030 N
1527 2003 1541 2029 1
1562 2005 1589 2031 Τ
1606 2004 1633 2031 Ε
1651 2004 1689 2034 S·

113 2079 504 2128 suborbiculata.
581 2082 800 2131 Labium
872 2083 1006 2131 ultra
1228 2069 1572 2111 Te'ne'hrzonztes.

115 2176 346 2212 mentum
375 2178 680 2231 porrectum.

183 2271 373 2335 Corpus
394 2290 491 2319 non
510 2292 701 2337 semper
722 2284 967 2337 apterum.

459 2437 838 2487 DIVISIO
905 2439 1367 2488 SECUNDA.

348 2576 861 2613 HERBICOLAE.
930 2575 1472 2614 HERBICOLES.

186 2696 429 2743 Maxillae
469 2712 636 2761 ungue
686 2712 869 2743 corneo
918 2706 968 2743 et
1019 2695 1222 2744 interno
1266 2693 1426 2762 nullo.
1466 2694 1720 2743 Antenna-

121 2784 226 2830 illis
255 2780 530 2848 perfoliatae
559 2792 644 2828 aut
677 2783 964 2847 pectinatae‚
997 2781 1078 2830 vel
1101 2793 1322 2844 serratae3
1359 2783 1439 2830 lzis
1463 2780 1720 2847 simplices

124 2881 173 2918 et
216 2869 492 2918 insertione
539 2867 674 2917 nuda
720 2869 966 2934 capitisve
1012 2869 1240 2935 margine
1276 2867 1474 2917 laterali
1512 2879 1560 2916 et
1598 2884 1722 2932 pro-

128 2953 279 3001 ducto
308 2971 414 3001 non
441 2964 754 3020 supertectae,
787 2951 1017 3003 articulis
1048 2952 1446 3020 subcylindricis
1475 2963 1563 3002 aut
1597 2950 1723 3000 sub-

136 3039 413 3089 obconicis.
