2163 3749
424 315 426 318 >
465 271 552 339 56
842 276 1149 345 Insecta.
1192 278 1667 348 Pteroclicera.

517 406 696 444 Parnus
716 406 1004 448 auriculatas.
1019 410 1180 447 ILLIG.
1202 409 1392 465 Coleopt.
1420 411 1519 452 Bor.
1538 445 1549 465 ,
1573 419 1674 453 tom.
1699 426 1715 452 1
1735 443 1750 460 ,
1777 425 1828 467 p.
1856 412 1955 453 551.

509 486 834 527 PANZ.Faun.
858 489 1016 527 Insect.
1050 489 1191 527 Germ.
1214 519 1225 539 ,
1247 488 1368 545 fasc.
1398 491 1452 532 58
1471 523 1485 540 ,
1507 492 1593 549 fig.
1625 491 1693 532 23.

514 563 627 604 Cum
660 564 939 619 praecedenti.

514 664 694 703 Pamus
725 664 1005 704 acuminatus
1046 661 1242 702 Fabricii
1276 664 1329 702 ab
1373 665 1515 705 amico
1553 668 1764 708 Anselmo
1800 668 2051 708 Desmarets

454 737 634 780 Parisiis
652 741 700 780 in
724 742 933 794 Sequanae
961 739 1070 793 ripis
1103 740 1373 781 observatus,

513 876 638 915 SPEc.
666 886 704 913 2.
727 875 932 915 Dm-ops
960 875 1275 914 DUMERILII.
1303 876 1483 929 Dryops
1507 875 1556 914 cle
1577 875 1791 917 Dame‘ril.

510 973 563 1013 D.
600 972 812 1026 Elliptico
830 995 856 1002 -
873 970 1232 1023 subcylindricus
1258 1001 1268 1021 ,
1307 984 1440 1010 aureo
1457 995 1479 1002 -
1496 971 1748 1012 flavescenti
1763 997 1778 1004 —
1796 974 2018 1028 nigricans
2033 1008 2043 1028 ‚

451 1052 629 1105 punctis
648 1051 851 1091 minimis
872 1051 1052 1089 elevatis
1074 1049 1399 1089 scabriusc'ulus
1424 1068 1433 1101 5
1457 1058 1755 1091 antennarum
1781 1053 1904 1091 clava
1936 1056 2046 1094 sub-

454 1133 695 1186 pectinata,
719 1131 927 1171 dentibus
953 1129 1093 1169 acutis
1112 1147 1121 1180 3
1144 1129 1298 1181 elytris
1320 1129 1452 1168 lineis
1470 1130 1640 1183 aliquot
1662 1131 1866 1182 elevatis,
1888 1132 2050 1172 subob-

455 1211 604 1249 soletis
625 1228 634 1261 5
655 1210 839 1263 pedibus
859 1209 1095 1261 elongatis,
1119 1208 1278 1247 anticis
1298 1207 1457 1247 mediis
1478 1209 1754 1263 longioribus
1773 1229 1783 1262 5
1806 1211 1928 1250 tarsis
1953 1224 2054 1250 om-

456 1286 590 1324 nibus
622 1285 961 1325 rusescentibus.

511 1374 551 1413 A
587 1373 641 1417 D.
676 1373 884 1413 Dumeril
904 1404 914 1423 ,
952 1373 1131 1413 Parisiis
1162 1373 1395 1413 medicinas
1424 1374 1664 1427 professore
1688 1408 1699 1428 ‚
1729 1379 1809 1430 qui
1840 1380 2055 1419 Entomo-

456 1451 622 1505 logiam
644 1452 708 1508 (1)
740 1459 783 1491 et
814 1451 1057 1505 praesertim
1091 1451 1451 1512 Iclztyologiasm,
1481 1455 1638 1493 multis
1666 1456 2052 1496 observationibus

453 1533 751 1586 methodoque
766 1532 1273 1583 dichotomo-analytica
1291 1532 1542 1574 illustrabat
1563 1566 1573 1586 ‚
1602 1549 1657 1575 ex
1677 1537 1893 1591 Hispania
1907 1569 1918 1590 ‚
1946 1552 2050 1578 cum

455 1614 587 1652 rebus
616 1613 896 1651 naturalibus
920 1612 1129 1664 plurimis
1151 1642 1162 1662 ,
1190 1613 1363 1651 allatus,

515 1832 576 1889 (ι)
614 1830 669 1872 1⁰.
691 1831 754 1871 De
772 1831 1050 1870 Insectorum
1067 1845 1195 1870 sensu
1222 1831 1452 1872 olfactorio
1471 1833 1726 1882 disserebat,
1748 1836 1930 1891 fllagaz.
1956 1837 2051 1876 En-

462 1912 574 1968 cycl.
591 1944 604 1961 ,
634 1919 738 1952 tom.
759 1926 782 1952 2
798 1942 811 1958 ,
831 1926 881 1965 p.
910 1910 1008 1950 455.

513 1997 574 2039 2⁰.
593 1997 825 2037 Crustaeea
848 2002 891 2034 et
923 1995 1091 2035 Insecta
1111 2025 1121 2045 ,
1153 2008 1256 2034 cum
1277 1996 1567 2036 celeberrimo
1594 1997 1833 2050 professore
1864 2000 2052 2053 Cuvier,

457 2090 535 2131 per
552 2074 759 2127 familias,
780 2073 1051 2113 nominatim
1074 2080 1223 2112 tamen
1246 2074 1405 2124 solum,
1425 2073 1672 2115 ordinabat.
1691 2079 1861 2127 Le90ns
1875 2079 2053 2119 d’Ana-

458 2164 562 2198 tom.
581 2169 770 2211 compar.
791 2186 801 2206 ‚
824 2162 927 2194 tom.
952 2166 988 2193 1.

515 2244 579 2285 30.
608 2247 884 2286 Insectorum
915 2245 1176 2285 methodum
1211 2245 1264 2284 ab
1295 2245 1470 2284 Olivier
1510 2246 1772 2299 propositam
1802 2278 1812 2299 ‚
1847 2249 2052 2289 observa-

458 2324 656 2364 tionibus
695 2322 858 2362 nostris
895 2322 1201 2362 elucubratam
1221 2354 1232 2375 ‚
1265 2322 1318 2361 ad
1350 2322 1567 2374 analysim
1591 2323 1891 2365 dichotom‘am
1918 2341 2053 2367 revo-

458 2402 604 2453 cabat,
623 2408 666 2441 et
685 2399 1011 2441 scaraboeidum
1032 2431 1042 2452 ,
1065 2402 1332 2456 dipterorum
1353 2413 1510 2454 genera
1532 2401 1840 2443 distribuebat.
1863 2405 2053 2459 Exposi-

456 2484 554 2523 tion
599 2480 728 2521 d’une
763 2479 960 2520 metlzocle
997 2479 1215 2520 naturelle
1247 2495 1365 2536 pour
1385 2479 1432 2520 la
1455 2479 1781 2535 classzfication
1817 2489 1859 2521 et
1891 2481 2053 2523 Z'e'tude

461 2564 534 2603 des
566 2565 758 2603 Insectes
788 2560 1115 2616 ς-Ρνέδεηΐέε
1145 2559 1173 2601 ὰ
1204 2559 1252 2601 la
1280 2562 1374 2601 Soc.
1406 2559 1645 2616 plzilomat.
1668 2592 1680 2612 ‚
1714 2560 1752 2600 le
1779 2561 1802 2601 5
1835 2561 2053 2602 brumaire

460 2658 519 2684 an
548 2657 587 2697 9.

518 2731 577 2772 4⁰.
598 2732 915 2786 Entomologiae
937 2730 1198 2773 methodum
1217 2732 1466 2785 generalem
1489 2730 1504 2788 (
1526 2732 1575 2771 in
1606 2744 1735 2784 opere
1762 2731 1837 2770 cui
1860 2731 2018 2771 titulus
2040 2764 2050 2783 ,

459 2810 675 2867 Zoologie
697 2812 986 2868 analytique,
1013 2812 1174 2859 Paris,
1209 2811 1316 2852 1806
1335 2812 1350 2866 )
1375 2811 1518 2850 dabat.
1542 2810 1670 2850 Illius
1690 2810 1961 2850 insectorum
1980 2810 2050 2850 fa-

458 2891 595 2932 miliae
617 2891 669 2930 ab
694 2891 762 2930 his
786 2905 892 2944 quas
915 2891 1085 2945 primus
1113 2905 1401 2945 exposueram
1425 2892 1448 2944 (
1458 2890 1586 2932 Pre'c.
1609 2892 1681 2931 des
1705 2892 1878 2930 Caract.
1901 2889 2047 2946 ge'ner.

457 2970 530 3010 des
564 2972 724 3010 Insect.
739 3000 750 3021 ‚
772 2985 832 3009 an
854 2971 922 3022 5),
955 2972 1113 3024 saepius·
1129 2971 1365 3011 diversiter
1403 2970 1620 3020 formatae,
1646 2969 1973 3009 characteribus
1996 2984 2052 3009 ex

455 3048 613 3090 habitu
634 3050 941 3089 tantummodo
970 3051 1242 3105 depromptis
1264 3083 1275 3104 ‚
1304 3059 1356 3091 ut
1388 3050 1672 3091 facilioribus
1688 3080 1699 3099 ,
1722 3047 1738 3103 (
1759 3056 1803 3088 at
1830 3062 1922 3088 non
1952 3062 2050 3090 cer-

455 3127 678 3184 rioribus)
710 3127 905 3170 fundatae
923 3159 935 3181 2
968 3130 1149 3171 nomine
1184 3129 1394 3186 duplici,
1439 3129 1526 3170 alio
1555 3127 1695 3168 latino
1719 3158 1730 3179 ‚
1769 3127 1856 3166 alio
1891 3140 2050 3180 graeco,

1762 3213 2044 3263 CLXXVI.
