2122 3749
341 223 469 321 2'42
709 247 1017 317 Insecta.
1073 242 1559 312 Pterodioera.

333 382 489 436 saepius
517 385 786 432 retractum,
821 378 966 418 antice
992 376 1271 427 elongatum,
1302 380 1574 426 rostratum3
1599 370 1741 412 oculis
1762 362 1934 412 subim4

338 461 495 503 mersis
538 468 617 500 aut
653 460 732 500 vix
770 455 1041 513 prominulis
1062 486 1074 507 ,
1118 452 1413 505 orbiculatis3
1459 454 1611 508 clypeo
1645 452 1936 507 emarginaw.

342 539 523 582 Thorax
544 537 927 590 subcylindricus,
965 533 1109 574 antica
1142 532 1383 585 angustior.
1419 531 1656 573 scutellum
1678 529 1939 572 minutissi-
2110 526 2122 608 {i

342 631 484 659 mum.
504 618 552 659 A
557 616 737 658 bdomen
760 616 854 656 basi
874 621 1143 663 transversa,
1168 610 1357 651 thoracis
1379 610 1578 663 margine
1598 611 1762 665 postico
1779 610 1940 650 latiore
2108 620 2122 649 ,ι’

341 702 420 735 aut
446 695 518 734 illi
550 693 794 748 subaequali
819 723 830 744 ‚
860 691 1014 744 elytris
1038 689 1194 744 rigidis
1216 702 1348 743 supra
1368 695 1410 728 et
1434 688 1488 727 ad
1509 687 1646 728 lakera
1670 689 1940 745 plerumque
2108 687 2115 692 “

339 776 584 820 inclusum.
611 777 751 817 Pedes
781 774 955 815 robusti
982 791 992 825 3
1025 772 1242 813 tibiarum
1274 770 1474 825 apicibus
1503 782 1620 808 unco
1650 769 1827 818 valido,
1858 768 1938 808 in-

438 952 479 999 I.
521 952 943 1000 CURchONI'rEs
970 949 1184 1016 proprii.
1220 949 1606 996 Clzaransonites
1630 963 1853 1010 propres.

414 1083 578 1146 Caput
609 1082 673 1129 ab
697 1083 854 1129 oculis
879 1082 1003 1145 plus
1031 1083 1257 1128 minusve
1277 1087 1605 1143 angustatum
1621 1114 1637 1134 ,
1662 1078 1718 1123 in
1739 1085 1945 1124 rostrum

346 1171 578 1217 distincte
608 1172 910 1234 productum
935 1189 956 1228 ,·
1006 1169 1323 1217 mandibulae
1362 1185 1544 1232 parvoe
1571 1176 1663 1213 aut
1691 1168 1913 1213 minimoe
1934 1200 1948 1225 ,

343 1258 526 1320 capitis
556 1256 928 1321 magnitudinis
960 1257 1142 1303 habita
1170 1258 1359 1304 ratione
1374 1273 1396 1313 ;
1427 1263 1645 1300 mentum
1669 1270 1765 1299 non
1787 1253 1952 1317 cylin-

348 1342 770 1390 cirico-cordatum
787 1361 808 1401 ;
838 1353 1071 1389 antennoe
1090 1359 1365 1406 numquam
1384 1340 1539 1387 simul
1556 1359 1572 1386 .·
1603 1349 1765 1396 rectoe,
1786 1339 1953 1385 oculos

338 1448 501 1495 prope
531 1433 732 1478 insertoe
743 1467 760 1488 ,
799 1432 984 1495 capitis
1017 1429 1089 1476 ad
1113 1447 1361 1476 summum
1394 1428 1710 1493 longitudine
1734 1438 1780 1474 et
1808 1427 1954 1475 clava

348 1520 572 1564 maxima
595 1535 617 1575 ;
655 1535 833 1582 corpus
869 1519 1127 1565 rarissime
1170 1516 1502 1583 cylindricum
1523 1534 1544 1575 ;
1592 1515 1734 1563 tibiae
1773 1516 1956 1562 anticae

348 1618 624 1665 numquam
656 1602 1016 1666 triangulares.

744 1761 781 1788 1.
813 1750 887 1789 RE
900 1762 960 1789 CT
973 1762 1022 1789 1c
1036 1763 1101 1789 on
1117 1763 1148 1790 N
1161 1763 1233 1791 Es.
1265 1752 1565 1792 Recticornes.

417 1865 668 1914 Antennae
701 1876 845 1913 rectae
877 1865 970 1931 (ad
1006 1865 1285 1914 articulum
1323 1865 1606 1915 secundum
1642 1864 1782 1913 haud
1817 1865 1960 1930 geni-

354 1952 556 2011 culatae,
580 1950 789 2000 hasilari
819 1971 927 2001 non
955 1950 1103 2001 valde
1125 1951 1406 2018 elongato).
1449 1954 1637 2017 Corpus
1671 1955 1891 2001 omnium
1927 1971 1963 2001 a

354 2042 573 2091 thoracis
614 2042 726 2088 basi
760 2041 834 2087 ad
860 2051 1015 2105 caput
1051 2043 1352 2105 angustius,
1393 2058 1490 2088 non
1513 2041 1859 2107 cylindricum.

423 2164 665 2214 CCLXX.
700 2165 893 2214 GENUS.
930 2169 1226 2214 BRENTUS.
1264 2169 1459 2215 Brente.

426 2274 673 2330 Brentus,
718 2274 893 2329 FAB„
953 2273 1158 2331 OLIV.,
1199 2277 1474 2333 HERBST,
1525 2277 1712 2324 LUND.
1733 2312 1750 2334 ,
1808 2277 1964 2325 ΖΛΜ.

361 2387 426 2396 --
466 2360 736 2417 Curculio,
774 2362 988 2418 LINN.,
1031 2378 1104 2409 DE
1145 2362 1316 2409 GEER.

422 2465 679 2515 Antennae
703 2467 854 2514 rostri
879 2477 1012 2515 recta
1037 2471 1269 2532 ⁴porrecti
1283 2503 1296 2528 ,
1329 2468 1504 2535 saepius
1523 2467 1827 2536 longissimi,
1847 2469 1972 2519 sub-

365 2551 565 2612 teretis,
616 2552 673 2599 in
709 2551 949 2601 masculis
987 2552 1229 2620 plurimis
1273 2553 1524 2622 longioris
1566 2568 1614 2605 et
1661 2557 1723 2606 ad
1774 2559 1972 2624 apicem

361 2634 588 2693 latioris,
624 2635 856 2685 medium
893 2654 1067 2686 versus
1101 2638 1324 2699 insertae,
1369 2639 1636 2689 filiformes
1666 2653 1754 2689 aut
1783 2644 1972 2693 sensim

363 2732 650 2770 extrorsum
693 2723 990 2787 crassiores,
1050 2724 1281 2774 articulis
1321 2725 1559 2775 undecim
1586 2764 1600 2788 ,
1654 2730 1762 2777 illis
1804 2729 1974 2798 cylin-

365 2805 549 2867 dricis,
576 2807 659 2853 his
695 2807 1054 2857 subobconicis
1099 2807 1179 2858 vel
1212 2810 1607 2877 serni-globosis.
1644 2816 1975 2863 Mandihulce

366 2888 673 2956 plerumque
715 2893 1046 2958 prominulae,
1095 2895 1150 2943 in
1190 2896 1430 2945 masculis
1469 2895 1981 2966 elongato-trigonae,

369 2977 534 3043 apice,
570 2977 626 3024 in
663 2978 933 3027 nonnullis
977 2979 1181 3042 saltem,
1223 2983 1530 3047 bidentato;
1577 2983 1730 3034 latere
1770 2985 1975 3038 interno

366 3060 517 3113 dente
558 3081 662 3112 uno
696 3074 783 3112 aut
823 3062 981 3115 altero
1029 3067 1312 3129 instructo,
1355 3068 1438 3120 vel
1480 3070 1681 3119 inermi.
1727 3073 1974 3123 Maxilloe
