2163 3749
445 263 479 304 2
809 238 1117 305 Insectcz.
1174 240 1660 308 Ρίενοεῖἰοενα,

445 367 700 434 plerisque
731 386 901 434 ungue
932 387 1115 417 corneo
1150 380 1198 418 et
1230 370 1433 421 interno
1478 372 1762 428 instructae,
1799 388 2027 437 processu

445 468 650 507 externo
687 457 747 505 ad
781 457 925 504 basin
959 468 1241 517 attenuato,
1287 459 1425 507 intus
1462 460 1775 508 subarcuato.
1812 461 2031 508 Labium

446 544 890 592 membranaceum
929 543 991 591 ad
1026 544 1171 592 basin
1217 545 1499 613 (mentum)
1546 559 1819 596 transverse
1855 546 2031 594 brevi-

450 644 622 698 terque
653 650 892 680 corneum
911 669 923 691 ,
956 632 1143 679 sensim
1173 631 1357 679 deinde
1382 633 1609 682 medium
1643 652 1815 682 versus
1849 650 2035 699 angus-

444 729 633 779 tatum,
672 729 783 766 tum
831 717 1127 778 dilatatum,
1167 719 1494 781 cordiforme,
1529 722 1902 787 emarginatum
1949 729 2038 768 aut

444 805 712 870 bifidum.)

502 906 813 951 OBSERVA‘HO.
846 911 1163 951 Antennarum
1189 910 1372 951 articuli
1394 918 1483 951 tres
1498 910 1653 950 ultimi
1675 911 1818 951 colore
1833 912 2030 952 obscuro.

508 1069 692 1116 STIRPS
727 1086 975 1116 SECUNDA.
1014 1069 1451 1117 NITJDULARIAE.
1488 1069 1850 1116 Niticlalaires.

514 1178 701 1238 Corpus
739 1174 1027 1240 depressum
1051 1213 1065 1234 ,
1122 1174 1397 1223 latitudine
1437 1173 1763 1223 altitudinem
1813 1172 2038 1222 multum

436 1261 622 1327 [duplo
645 1263 850 1309 circiter
885 1274 971 1309 aut
1005 1260 1258 1327 amplius)
1295 1274 1589 1326 superante,
1628 1262 1776 1311 dorso
1802 1260 2036 1328 planius-

439 1345 556 1394 culo
593 1345 838 1394 leviterve
869 1361 1108 1394 convexo.
1144 1346 1309 1409 Caput
1344 1345 1539 1410 thoraci
1583 1345 1643 1393 ad
1673 1345 1847 1394 oculos
1869 1364 2036 1412 'usque

443 1435 711 1483 intrusum.
740 1435 809 1481 Os
841 1433 896 1480 in
920 1431 1097 1480 multis
1118 1431 1499 1497 prominulam,
1530 1432 1845 1482 mandibulis
1873 1435 2038 1500 saepis-

439 1522 566 1570 sime
612 1520 754 1585 apice
785 1519 1113 1584 emarginatis
1145 1529 1230 1566 aut
1261 1516 1601 1566 denticulatis.
1642 1521 1840 1566 Thorax
1868 1530 2035 1567 trans-

437 1624 579 1655 verso
606 1634 631 1641 -
652 1603 1026 1670 subquadratus
1075 1614 1161 1650 aut
1223 1604 1703 1669 subtrapeziformis.
1767 1608 1913 1652 Tarsi
1979 1604 2034 1652 in

438 1691 618 1740 multis
653 1690 869 1739 articulo
912 1700 1093 1755 quarto
1129 1689 1463 1749 brevissimo,
1510 1690 1731 1739 secundo
1784 1691 2035 1757 tertioque

439 1792 563 1827 tunc
595 1777 769 1826 bifidis
805 1788 890 1824 aut
920 1776 1465 1843 dilatato-spongiosis.

504 1888 670 1950 Palpz·
699 1884 1002 1950 plerumque
1034 1882 1326 1942 filiformeS,
1359 1884 1559 1947 breve53
1584 1884 1872 1939 maxillares
1891 1896 1938 1933 et
1958 1884 2034 1932 la·-

435 1970 596 2020 biales
611 2008 623 2031 ‚
649 1982 735 2018 aut
768 1970 854 2018 isti
877 1969 1043 2017 solum
1063 1981 1112 2017 et
1134 1970 1187 2016 in
1217 1969 1416 2034 paucis,
1439 1981 1724 2018 extrorsum
1754 1971 2032 2020 crassiores.

437 2056 771 2104 Mandihaloe
805 2054 1066 2119 depressae,
1105 2054 1437 2121 subtrigonae,
1488 2054 1644 2103 latere
1688 2066 1897 2104 externo
1948 2074 2035 2104 ar-

439 2154 587 2191 cuato
621 2140 913 2207 anguloque
954 2142 1063 2206 ejus
1098 2141 1271 2189 baseos
1305 2152 1449 2189 extus
1491 2142 1767 2207 producto,
1800 2143 2034 2207 apicibus

441 2226 616 2274 acutis.
655 2227 901 2272 Maxilla&
936 2225 990 2272 in
1022 2223 1198 2272 multis
1230 2241 1464 2290 processu
1493 2226 1676 2287 unico,
1710 2227 1765 2272 in
1803 2223 1917 2275 aliis
1939 2228 2037 2275 du-

437 2313 591 2379 plici,
625 2312 681 2360 in
704 2310 969 2359 nonnullis
996 2329 1164 2377 ungue
1189 2330 1402 2374 corneo,
1436 2312 1758 2361 subobsoleto
1774 2352 1786 2374 ,
1819 2315 2040 2377 interno,

442 2402 664 2450 munitae.
698 2401 924 2447 Labizcm
967 2400 1438 2460 membranaceum,
1482 2400 1909 2467 subquadratum,
1949 2420 2037 2450 sae-

439 2486 556 2552 pius
590 2484 652 2532 ad
690 2483 974 2549 marginem
1011 2501 1251 2549 superum
1285 2485 1657 2550 emarginatum
1689 2485 1769 2532 vel
1803 2485 2036 2534 subinte-

442 2591 636 2639 grum3
683 2583 846 2619 mento
890 2588 1073 2620 corneo
1125 2572 1598 2638 subtrapeziformi,
1648 2573 1824 2638 saepius
1864 2584 2033 2624 trans-

443 2676 613 2718 verso,
659 2659 852 2723 apicem
890 2675 1064 2706 versus
1110 2669 1401 2724 angustato,
1452 2659 1680 2724 margine
1715 2677 1893 2724 supero
1931 2659 2030 2709 late

442 2744 776 2810 emarginato,
819 2744 1020 2811 angulis
1051 2744 1277 2809 ejusdem
1314 2745 1637 2811 prominulis.

477 2887 812 2942 *OBSERVATIQ
845 2889 1062 2926 Antennae
1100 2885 1254 2939 saepius
1288 2886 1411 2925 clava
1452 2898 1720 2940 compressa,
1753 2884 1933 2924 articuli
1961 2886 2030 2924 ul—

441 2965 547 3005 timi
578 2963 697 3018 apice
721 2962 774 3001 ab
792 2962 930 3017 ipsius
958 2963 1051 3004 basi
1075 2963 1124 3005 in
1149 2962 1358 3018 plurimis
1381 2962 1523 3005 veluti
1543 2962 1730 3019 abrupte
1752 2961 1977 3024 distincto,
