2163 3749
457 294 546 361 54
826 297 1132 363 Insecta.
1184 297 1661 366 Pteroclc'cera.

458 446 507 483 et
527 435 620 482 sub
643 435 805 485 oculis
829 439 883 485 in
908 435 1093 484 fossula
1113 436 1438 501 recipiendas,
1469 441 1634 506 capite
1657 438 1942 502 breviores,
1967 457 2049 487 ar·-

457 520 615 570 ticulo
639 523 808 572 baseos
833 522 1124 588 (tuberculo
1155 523 1448 574 insertionis
1481 538 1529 574 et
1562 525 1925 575 articuliformi
1947 544 2049 574 non

453 608 780 674 computato)
804 626 982 673 parvo,
1007 606 1186 655 conico
1205 628 1217 671 3
1255 603 1475 659 secundo
1508 629 1714 678 magno,
1749 628 2051 676 compresso,

448 693 972 758 cochleari-trigono,
1007 692 1287 752 fornicato,
1327 705 1554 743 antennae
1590 695 1831 745 articulos
1877 696 2050 744 subsc-

445 792 657 845 quentes
689 780 970 844 operiente,
994 790 1200 826 externe
1231 797 1478 841 concavo,
1508 781 1789 830 introrsum
1812 794 2016 831 arcuato
2035 820 2049 844 ,

447 868 508 916 ad
534 870 729 933 apicem
752 867 964 930 latiore3
998 867 1106 915 basi
1129 866 1428 929 rotundata,
1451 868 1587 915 infra
1613 870 1972 929 subcrassiore,
1997 882 2046 918 et

443 953 604 1003 veluti
629 954 841 1021 stipitali
869 972 961 1020 pro
991 952 1197 1003 articuli
1220 953 1357 1002 tertii
1385 954 1684 1017 insertione,
1708 954 1806 1003 hoc
1827 956 2044 1005 articulo

444 1053 493 1090 et
514 1040 830 1102 successivis,
863 1057 1079 1104 numero
1113 1057 1197 1088 sex
1218 1052 1305 1088 aut
1327 1051 1546 1107 septem,
1572 1040 1768 1089 clavam
1793 1041 2044 1090 subsemi-

445 1138 670 1188 ovatam,
704 1128 1171 1192 subcompressam,
1216 1128 1384 1176 amice
1425 1139 1711 1175 extrorsum
1759 1139 2047 1191 arcuatam,

442 1214 635 1279 postice
688 1215 971 1261 subrectam
999 1252 1011 1274 ,
1071 1214 1212 1261 intus
1277 1214 1614 1261 subserpatam
1688 1225 1774 1260 aut
1828 1214 2052 1262 breviter

440 1301 778 1366 pectinatam,
815 1300 1173 1348 formantibus.
1206 1302 1433 1348 Labrum
1473 1311 1752 1361 exsertum,
1791 1299 2047 1348 coriaceo-

439 1388 913 1446 membranaceum,
944 1397 1285 1434 transversum
1305 1425 1318 1448 ,
1356 1386 1523 1436 antice
1563 1386 1661 1434 late
1693 1385 2045 1435 rotundatum.

438 1472 769 1519 iwandz'bulae
811 1470 1138 1531 absconditae,
1174 1489 1386 1531 corneae,
1427 1470 1631 1532 valirlae,
1676 1471 1735 1519 ad
1770 1470 1915 1518 basin
1952 1490 2046 1519 an-

438 1557 651 1624 gulatae,
703 1559 858 1608 latere
904 1570 1115 1608 externo
1163 1558 1226 1607 ad
1276 1559 1383 1622 ejus
1434 1557 1645 1606 initium
1699 1557 2048 1624 emarginato,

439 1642 622 1691 deinde
657 1655 798 1692 acute
833 1645 1095 1707 carinam,
1144 1645 1284 1709 apice
1318 1643 1613 1706 bidentat03
1653 1643 1806 1692 latere
1839 1643 2041 1692 interno

439 1747 687 1789 concavo,
725 1731 819 1778 sub
850 1731 991 1795 apice
1024 1728 1419 1788 bidenticulato,
1452 1746 1685 1794 processu
1710 1745 2025 1792 compresso,

440 1816 581 1881 quasi
620 1815 1033 1876 membranaceo,
1064 1813 1334 1863 lobiformi
1368 1824 1416 1860 et
1440 1813 1501 1860 ad
1530 1814 1722 1878 apicem
1749 1811 2043 1860 rotundato.

436 1905 602 1967 Palpz·
634 1902 841 1962 breves,
874 1900 1204 1967 subaequales3
1228 1899 1519 1948 maxillares
1552 1900 1685 1948 ultra
1714 1898 2045 1947 maxillarum

437 1986 635 2051 apicem
690 1986 775 2033 vix
823 1986 1200 2051 progredientes
1224 2022 1235 2044 ,
1271 1984 1663 2045 subfiliformes,
1706 1983 1922 2033 articulo
1959 1984 2043 2032 ul-

436 2072 564 2119 timo
591 2071 824 2138 longiore
841 2110 853 2132 ,
896 2071 1256 2132 subcrassiore,
1282 2071 1667 2131 ovato-conico,
1694 2071 1834 2137 apice
1858 2081 2005 2118 acuto
2028 2092 2040 2133 3

437 2159 610 2208 codem
661 2158 932 2207 labialium
980 2159 1253 2219 crassiore,
1310 2159 1534 2208 breviter
1575 2170 1743 2207 ovato.
1798 2161 2044 2207 Maxilloe

436 2246 751 2312 processibus
803 2247 1002 2295 duobus
1056 2246 1490 2307 membranaceis,
1550 2257 1759 2293 externo
1809 2245 2000 2310 majore
2021 2283 2036 2303 ,

439 2333 765 2400 subtrigono,
793 2332 854 2380 ad
879 2332 1073 2399 apicem
1111 2332 1313 2393 latiore,
1349 2332 1577 2381 breviter
1598 2331 1720 2400 pilis
1753 2331 2040 2392 fimbria103.

439 2437 671 2485 processu
699 2420 904 2467 interno
933 2438 1118 2485 parvo,
1151 2419 1451 2480 unciformi,
1483 2433 1689 2467 arcuato
1725 2430 1810 2465 aut
1846 2418 2037 2484 ungui-

435 2504 553 2553 culo
586 2503 910 2554 subobsoleto
945 2504 1114 2570 pilove
1149 2504 1498 2571 unguisormi,
1536 2504 1596 2552 ad
1641 2505 1835 2571 apicem
1875 2504 2038 2551 inter-

437 2609 563 2638 num
591 2592 856 2639 instructo.
878 2592 1104 2639 Labium
1126 2591 1546 2656 subquadratum,
1567 2590 2034 2651 membranaceum,

437 2676 605 2724 medio
641 2675 896 2735 firmiore,
932 2675 1249 2730 obscuriore,
1293 2673 1480 2722 lineola
1527 2672 1897 2739 longituclinali
1933 2673 2033 2721 im—

435 2781 598 2830 pressa
629 2774 815 2824 secato,
851 2762 1082 2828 margine
1112 2781 1292 2827 supero
1329 2774 1462 2810 recta
1488 2775 1800 2821 transvers0‚
1834 2764 2034 2826 integro

435 2862 521 2898 aut
568 2852 652 2897 vix
702 2851 1033 2915 emarginato.
1085 2853 1322 2898 Mentzfm
1365 2850 1675 2910 coriaceum,
1725 2861 2034 2896 transverso-

436 2936 767 3003 quadratum,
799 2935 936 2984 labio
977 2937 1129 3001 paulo
1164 2937 1355 3000 majus,
1395 2935 1455 2983 ad
1501 2937 1697 3001 apicem
1739 2933 2035 2998 augustius·7

437 3024 683 3091 marginis
733 3026 899 3088 superi
954 3024 1155 3090 angulis
1194 3022 1619 3090 suhprominulis.
1655 3022 1822 3070 Pedes
1872 3021 2040 3069 consi—-

436 3111 613 3172 miles,
663 3110 945 3159 femoribus
997 3112 1176 3160 subtus
1223 3111 1600 3170 canaliculatis,
1651 3127 1744 3177 pro
1789 3109 2033 3158 tibiarum
