2101 3749
11 3233 13 3240 .
10 3177 13 3187 ,
7 3050 11 3155 1,.-.-
4 2966 10 3039 ῥυ...
1 2845 8 2950 .-.„.->-
2 2807 4 2813 ⁴

246 275 423 345 Ord.
447 275 510 341 I.
530 272 747 340 Fam.
774 264 866 333 X
873 262 965 334 V.
980 315 1005 343 ,
1046 260 1520 354 Coproplzccgi.
1607 261 1690 354 75

242 440 629 496 FAMILIA
684 436 1018 485 DECIMA
1074 434 1421 498 QUINTA
1475 438 1560 501 (1).

350 565 832 609 COPROPHAGI.
884 561 1470 603 COPROPHAGES.

167 732 566 771 osssmvnmssss.
587 726 813 767 Antennoe
835 724 976 778 capite
999 723 1129 777 paulo
1149 721 1384 775 longiores,
1407 729 1507 761 ante
1530 723 1695 775 oculos,

113 810 167 851 ad
183 806 547 848 mandibularum
565 805 706 856 basin,
722 804 804 843 sub
821 804 973 856 clypeo
993 803 1163 842 insertae
1179 819 1188 852 3
1214 801 1402 840 articulo
1422 801 1564 854 primo
1583 803 1700 841 elon-

111 894 210 942 gato
223 917 234 937 3
253 885 446 924 aliorum
463 883 740 937 conjunctim
758 881 846 922 fere
861 881 1141 935 longitudine
1153 879 1421 932 ‚cylindrico
1437 912 1446 931 3
1466 880 1519 919 ad
1536 881 1705 934 apicem

114 965 246 1020 paulo
282 964 492 1005 crassiore
529 969 588 1013 (2)
613 983 622 1015 3
656 963 847 1003 secundo
868 961 1283 1014 subhemisphaerico
1305 978 1314 1011 3
1334 960 1494 1008 tertio,
1518 969 1676 1014 quarto
1693 993 1705 1014 3

116 1046 278 1099 quinto
325 1052 367 1084 et
403 1053 524 1085 sexto
570 1045 780 1083 brevibus
802 1075 813 1094 3
857 1042 1027 1082 duobus
1056 1040 1229 1080 ultimis
1258 1041 1526 1093 praesertim3
1552 1042 1707 1093 tertio,

115 1133 276 1179 quarto
303 1125 456 1178 saepius
482 1122 941 1177 cylindrico-conicis3
966 1121 1125 1174 quinto
1154 1128 1197 1160 et
1222 1128 1343 1159 sexto
1362 1152 1372 1170 3
1409 1121 1492 1160 isto
1526 1121 1681 1161 saltem
1699 1151 1711 1173 3

116 1203 381 1243 transversis
396 1233 406 1252 3
434 1200 832 1254 pateraeformibus3
855 1199 1055 1252 septimo,
1083 1207 1236 1238 octaxo
1257 1206 1301 1237 et
1324 1213 1439 1237 nono
1463 1198 1713 1252 capitulum

117 1281 388 1334 triphyllum
413 1279 723 1319 formantibus.
754 1277 945 1318 Labrum
976 1278 1127 1330 clypeo
1153 1277 1424 1316 occultatum
1445 1308 1455 1328 3
1487 1278 1714 1316 membra-

121 1350 333 1409 naceum,
362 1357 456 1398 illis
485 1357 837 1410 subquadratum
869 1364 911 1396 et
942 1356 1116 1409 angulis
1148 1356 1306 1396 anticis
1339 1356 1613 1406 rotundatis3
1648 1348 1717 1395 his

120 1435 535 1476 subsemicirculare
558 1466 571 1482 ,
596 1435 645 1473 in
677 1443 766 1475 tres
789 1448 908 1473 areas
926 1434 1120 1473 divisum
1140 1452 1149 1485 3
1172 1434 1291 1472 linea
1318 1434 1548 1487 impressa,
1575 1432 1720 1486 longi-

122 1514 320 1554 tudinali
336 1546 348 1565 3
373 1514 493 1554 striis
516 1513 736 1567 parallelis
754 1513 1012 1553 transversis
1034 1544 1044 1563 3
1076 1513 1344 1565 quandoque
1362 1513 1503 1552 veluti
1523 1513 1722 1566 pectina-

122 1591 208 1631 tim
234 1599 373 1631 secata
391 1623 401 1643 3
426 1605 481 1630 ex
507 1599 694 1642 utroque
716 1591 850 1628 latere
875 1608 884 1640 3
908 1603 1007 1628 area
1030 1590 1175 1627 media
1207 1590 1479 1639 praecipuaxe
1504 1590 1550 1627 in
1572 1589 1720 1626 medio

119 1671 316 1710 earinata
334 1702 344 1721 3
371 1678 578 1723 punctata
598 1700 608 1720 3
635 1668 859 1720 hispidula
886 1674 961 1705 aut
982 1666 1191 1719 papillosa
1205 1696 1214 1714 3
1247 1666 1448 1718 margine
1468 1666 1614 1704 antico
1635 1667 1724 1705 vil-

123 1750 214 1790 loso
233 1756 308 1789 aut
327 1749 490 1788 ciliato.
512 1746 792 1787 Mandihulae
812 1747 892 1785 sub
908 1746 1059 1798 clypeo
1075 1746 1315 1793 latitantes,
1334 1745 1386 1784 ad
1405 1745 1528 1784 basin
1548 1759 1725 1792 corneo,-

122 1825 504 1879 subtricuspidatae
521 1855 532 1875 3
555 1823 715 1863 deinde
737 1824 783 1862 in
800 1823 1015 1862 laminam
1033 1836 1350 1876 compressam,
1387 1823 1725 1876 triangularem,

127 1914 309 1946 externe
341 1905 583 1945 coriaceam
604 1936 613 1955 3
640 1904 764 1944 intus
787 1903 1011 1943 coriae-eo·
1029 1903 1411 1943 membranaceam
1437 1934 1447 1953 3
1477 1903 1698 1957 productae
1718 1921 1729 1955 3

125 1984 264 2024 latere
299 1985 478 2025 interno
514 1992 557 2024 et
577 1984 698 2037 apice
726 1982 846 2022 villis
870 1982 1144 2022 tenuissimis
1165 2013 1175 2033 3
1206 1982 1444 2032 brevibus,
1476 1982 1728 2022 fimbriaiis.

129 2060 273 2116 Palpz·
294 2060 551 2101 maxillares
574 2059 802 2099 filiformes
819 2089 829 2109 3
849 2058 1088 2097 labialibus
1109 2057 1299 2097 dimidio
1324 2066 1401 2098 aut
1422 2059 1553 2111 paulo
1578 2059 1731 2098 minus

130 2141 352 2194 longiores
370 2172 381 2192 3
407 2141 603 2181 maxillis
628 2141 758 2194 paulo
785 2140 1009 2179 breviores
1035 2147 1111 2178 aut
1134 2139 1316 2178 illarum
1334 2139 1513 2178 circiter
1534 2140 1735 2191 longitu-

134 2220 240 2260 dine
261 2238 271 2271 3
292 2221 480 2260 articulo
496 2220 676 2261 basilari
706 2220 896 2260 minimo
916 2238 926 2271 3
949 2219 1139 2259 seeundo
1165 2220 1384 2272 tertioque
1403 2219 1710 2258 subobconicis
1725 2250 1736 2271 5

137 2298 331 2339 secundo
354 2299 573 2352 elongato3
596 2299 759 2339 ultimo
781 2299 980 2352 longiore
1006 2297 1245 2337 secundive
1263 2298 1417 2337 saltem
1436 2298 1734 2350 longitudine,

137 2379 471 2431 subcylindrico
489 2388 565 2418 aut
583 2380 977 2432 ovali-cylindrico
992 2411 1002 2430 5
1025 2381 1078 2419 ad
1093 2379 1222 2419 basin
1243 2388 1282 2419 et
1304 2380 1472 2433 apicem
1493 2380 1622 2432 paulo
1642 2393 1740 2433 gra-

139 2458 309 2497 ciliore.
333 2457 475 2513 Palpi
489 2457 678 2498 labiales
694 2459 837 2498 menti
859 2459 912 2498 ad
936 2458 1118 2511 angulos
1148 2472 1329 2512 superos
1362 2457 1519 2497 inserti
1545 2489 1554 2507 5
1591 2458 1742 2511 stipite

141 2533 297 2586 saepius
323 2532 641 2572 articuliformi
658 2564 669 2584 3
706 2534 970 2586 plerumque
995 2534 1129 2584 hirti,
1152 2534 1354 2573 articulis
1384 2533 1553 2582 tribus3
1584 2534 1744 2586 apicali

144 2612 381 2665 saepissime
402 2612 586 2651 minori.
609 2611 816 2652 Maxilloe
840 2619 1070 2651 crustaceae
1090 2643 1101 2663 3
1126 2612 1300 2651 laciniis
1333 2613 1505 2652 duabus
1539 2630 1549 2664 3
1586 2613 1746 2666 apicali

195 2815 255 2861 (1)
272 2812 327 2852 In
343 2811 424 2850 hac
445 2809 616 2849 familia
632 2809 865 2863 tribusque
881 2811 1168 2864 sequentibus
1186 2811 1303 2851 tibiae
1321 2812 1474 2850 anticae
1492 2812 1752 2866 (saepiusque

152 2890 274 2940 aliae)
297 2896 478 2928 externe
497 2889 713 2940 dentatae,
736 2890 902 2929 calcare
920 2890 1056 2929 unico
1078 2890 1258 2944 spinave
1276 2891 1435 2930 mobili
1467 2898 1481 2942 (
1500 2891 1721 2931 Malleolo
1734 2923 1746 2945 3

155 2965 273 3021 Illig.
291 2971 306 3016 )
341 2967 395 3007 ad
413 2967 582 3021 apicem
599 2968 719 3007 inter
722 2981 835 3007 num
856 2975 898 3007 et
927 2976 995 3008 tar
998 2982 1066 3009 sor
1074 2983 1149 3008 um
1168 2969 1386 3023 originem
1406 3001 1417 3021 3
1456 2958 1569 3010 insti
1575 2978 1695 3010 uctae.

218 3047 283 3102 (2)
315 3049 566 3089 Antennae
556 3063 604 3088 111
626 3048 810 3088 familiis
827 3048 971 3088 tribus
989 3049 1205 3104 proximis
1222 3050 1376 3090 eodem
1396 3050 1561 3090 modo'
1550 3063 1666 3089 inser
1675 3056 1721 3088 tae
1741 3079 1751 3098 3

161 3126 352 3166 articulo
374 3127 553 3169 basilari
575 3128 740 3181 pariter
757 3129 970 3181 elongato,

328 3205 400 3263 ΙΙ,
1414 3222 1486 3262 10
